@book{brockwell_davis_2016, place={Switzerland}, title={Introduction to time series and forecasting}, publisher={Springer}, author={Brockwell, Peter J. and Davis, Richard A.}, year={2016}}
@book{shumway_stoffer_2017, place={Cham, Switzerland}, title={Time series analysis and its applications: with R examples}, publisher={Springer}, author={Shumway, Robert H. and Stoffer, David S.}, year={2017}}
@book{hyndman_athanasopoulos_2018, place={Heathmont, Vic.}, title={Forecasting: principles and practice}, publisher={OTexts}, author={Hyndman, Rob J. and Athanasopoulos, George}, year={2018}}
